@article{brin1998anatomy,
  title={The anatomy of a large-scale hypertextual web search engine},
  author={Brin, Sergey and Page, Lawrence},
  journal={Computer networks and ISDN systems},
  volume={30},
  number={1-7},
  pages={107--117},
  year={1998},
  publisher={Elsevier}
}

@inproceedings{xing2004weighted,
  title={Weighted pagerank algorithm},
  author={Xing, Wenpu and Ghorbani, Ali},
  booktitle={Proceedings. Second Annual Conference on Communication Networks and Services Research, 2004.},
  pages={305--314},
  year={2004},
  organization={IEEE}
}

@inproceedings{qiao2010simrank,
  title={SimRank: A Page Rank approach based on similarity measure},
  author={Qiao, Shaojie and Li, Tianrui and Li, Hong and Zhu, Yan and Peng, Jing and Qiu, Jiangtao},
  booktitle={2010 IEEE International Conference on Intelligent Systems and Knowledge Engineering},
  pages={390--395},
  year={2010},
  organization={IEEE}
}

@techreport{page1999pagerank,
  title={The PageRank citation ranking: Bringing order to the web.},
  author={Page, Lawrence and Brin, Sergey and Motwani, Rajeev and Winograd, Terry},
  year={1999},
  institution={Stanford InfoLab}
}

@article{kumar2013pagerank,
  title={PageRank algorithm and its variations: A Survey report},
  author={Kumar, Kaushal and Abhaya, Fungayi Donewell Mukoko},
  journal={IOSR Journal of Computer Engineering (IOSR-JCE)},
  volume={14},
  number={1},
  pages={38--45},
  year={2013}
}

@inproceedings{duhan2009page,
  title={Page ranking algorithms: a survey},
  author={Duhan, Neelam and Sharma, AK and Bhatia, Komal Kumar},
  booktitle={2009 IEEE International Advance Computing Conference},
  pages={1530--1537},
  year={2009},
  organization={IEEE}
}

@inproceedings{najork2007comparing,
  title={Comparing the effectiveness of HITS and SALSA},
  author={Najork, Marc A},
  booktitle={Proceedings of the sixteenth ACM conference on Conference on information and knowledge management},
  pages={157--164},
  year={2007}
}

@inproceedings{kumar2011page,
  title={Page ranking based on number of visits of links of web page},
  author={Kumar, Gyanendra and Duhan, Neelam and Sharma, AK},
  booktitle={2011 2nd International Conference on Computer and Communication Technology (ICCCT-2011)},
  pages={11--14},
  year={2011},
  organization={IEEE}
}

@techreport{nemirovsky2008weighted,
  title={Weighted PageRank: cluster-related weights},
  author={Nemirovsky, Danil and Avrachenkov, Konstantin},
  year={2008},
  institution={SAINT PETERSBURG STATE UNIV (RUSSIA)}
}

@article{tyagi2012weighted,
  title={Weighted page rank algorithm based on number of visits of links of web page},
  author={Tyagi, Neelam and Sharma, Simple},
  journal={International Journal of Soft Computing and Engineering (IJSCE) ISSN},
  pages={2231--2307},
  year={2012},
  publisher={Citeseer}
}

@article{haveliwala2003topic,
  title={Topic-sensitive pagerank: A context-sensitive ranking algorithm for web search},
  author={Haveliwala, Taher H},
  journal={IEEE transactions on knowledge and data engineering},
  volume={15},
  number={4},
  pages={784--796},
  year={2003},
  publisher={IEEE}
}

@article{resnik1999semantic,
  title={Semantic similarity in a taxonomy: An information-based measure and its application to problems of ambiguity in natural language},
  author={Resnik, Philip},
  journal={Journal of artificial intelligence research},
  volume={11},
  pages={95--130},
  year={1999}
}

@book{schutze2008introduction,
  title={Introduction to information retrieval},
  author={Sch{\"u}tze, Hinrich and Manning, Christopher D and Raghavan, Prabhakar},
  volume={39},
  year={2008},
  publisher={Cambridge University Press Cambridge}
}

@article{dean2008mapreduce,
  title={MapReduce: simplified data processing on large clusters},
  author={Dean, Jeffrey and Ghemawat, Sanjay},
  journal={Communications of the ACM},
  volume={51},
  number={1},
  pages={107--113},
  year={2008},
  publisher={ACM New York, NY, USA}
}

@book{leskovec2020mining,
  title={Mining of massive data sets},
  author={Leskovec, Jure and Rajaraman, Anand and Ullman, Jeffrey David},
  year={2020},
  publisher={Cambridge university press}
}

@inproceedings{kim2007music,
  title={A music recommendation system with a dynamic k-means clustering algorithm},
  author={Kim, Dongmoon and Kim, Kun-su and Park, Kyo-Hyun and Lee, Jee-Hyong and Lee, Keon Myung},
  booktitle={Sixth International Conference on Machine Learning and Applications (ICMLA 2007)},
  pages={399--403},
  year={2007},
  organization={IEEE}
}

@inproceedings{lee2012statistical,
  title={Statistical cluster validity indexes to consider cohesion and separation},
  author={Lee, Kyung Mi and Lee, Keon Myung and Lee, Chan Hee},
  booktitle={2012 international conference on fuzzy theory and its applications (ifuzzy2012)},
  pages={228--232},
  year={2012},
  organization={IEEE}
}

@inproceedings{lee2004adaptive,
  title={Adaptive resource scheduling for workflows considering competence and preference},
  author={Lee, Keon Myung},
  booktitle={International Conference on Knowledge-Based and Intelligent Information and Engineering Systems},
  pages={723--730},
  year={2004},
  organization={Springer}
}

@article{lee1997hierarchical,
  title={Hierarchical partition of nonstructured concurrent systems},
  author={Lee-Kwang, Hyung and Seong, Kyoung A and Lee, Keon-Myung},
  journal={IEEE Transactions on Systems, Man, and Cybernetics, Part B (Cybernetics)},
  volume={27},
  number={1},
  pages={105--108},
  year={1997},
  publisher={IEEE}
}

@inproceedings{lee2003coordinated,
  title={Coordinated collaboration of multiagent systems based on genetic algorithms},
  author={Lee, Keon Myung and Lee, Jee-Hyong},
  booktitle={Pacific Rim International Workshop on Multi-Agents},
  pages={145--157},
  year={2003},
  organization={Springer}
}


@inproceedings{yoon2007end,
  title={An end-user evaluation system based on computing competency and complex indicators},
  author={Yoon, Chui Young and Lee, Keon Myung},
  booktitle={2007 IEEE International Conference on Information Reuse and Integration},
  pages={480--485},
  year={2007},
  organization={IEEE}
}